@article{fister2013brief,
  title={A brief review of nature-inspired algorithms for optimization},
  author={Fister Jr, Iztok and Yang, Xin-She and Fister, Iztok and Brest, Janez and Fister, Du{\v{s}}an},
  journal={arXiv preprint arXiv:1307.4186},
  year={2013}
}

@incollection{Fister2020Continuous,
  title={Continuous Optimizers for Automatic Design and Evaluation of Classification Pipelines},
  author={Fister Jr., Iztok and Zorman, Milan and Fister, Du{\v{s}}an and Fister, Iztok},
  booktitle={Frontier Applications of Nature Inspired Computation},
  pages={281--301},
  year={2020},
  doi={10.1007/978-981-15-2133-1_13}
}

@article{Vrbančič2018,
  doi = {10.21105/joss.00613},
  url = {https://doi.org/10.21105/joss.00613},
  year = {2018},
  publisher = {The Open Journal},
  volume = {3},
  number = {23},
  pages = {613},
  author = {Grega Vrbančič and Lucija Brezočnik and Uroš Mlakar and Dušan Fister and Iztok Fister},
  title = {NiaPy: Python microframework for building nature-inspired algorithms},
  journal = {Journal of Open Source Software}
}

@inproceedings{NIPS2015_11d0e628,
 author = {Feurer, Matthias and Klein, Aaron and Eggensperger, Katharina and Springenberg, Jost and Blum, Manuel and Hutter, Frank},
 booktitle = {Advances in Neural Information Processing Systems},
 editor = {C. Cortes and N. Lawrence and D. Lee and M. Sugiyama and R. Garnett},
 pages = {2962--2970},
 publisher = {Curran Associates, Inc.},
 title = {Efficient and Robust Automated Machine Learning},
 url = {https://proceedings.neurips.cc/paper/2015/file/11d0e6287202fced83f79975ec59a3a6-Paper.pdf},
 volume = {28},
 year = {2015}
}

@INPROCEEDINGS{7280767,
  author={I. {Guyon} and K. {Bennett} and G. {Cawley} and H. J. {Escalante} and S. {Escalera} and  {Tin Kam Ho} and N. {Macià} and B. {Ray} and M. {Saeed} and A. {Statnikov} and E. {Viegas}},
  booktitle={2015 International Joint Conference on Neural Networks (IJCNN)}, 
  title={Design of the 2015 ChaLearn AutoML challenge}, 
  year={2015},
  volume={},
  number={},
  pages={1-8},
  doi={10.1109/IJCNN.2015.7280767}}


@incollection{tpot,
  doi = {10.1007/978-3-030-05318-5_8},
  url = {https://doi.org/10.1007/978-3-030-05318-5_8},
  year = {2019},
  publisher = {Springer International Publishing},
  pages = {151--160},
  author = {Randal S. Olson and Jason H. Moore},
  title = {{TPOT}: A Tree-Based Pipeline Optimization Tool for Automating Machine Learning},
  booktitle = {Automated Machine Learning}
}

@book{bookHutter,
  editor    = {Frank Hutter and
               Lars Kotthoff and
               Joaquin Vanschoren},
  title     = {Automated Machine Learning - Methods, Systems, Challenges},
  series    = {The Springer Series on Challenges in Machine Learning},
  publisher = {Springer},
  year      = {2019},
  url       = {https://doi.org/10.1007/978-3-030-05318-5},
  doi       = {10.1007/978-3-030-05318-5},
  isbn      = {978-3-030-05317-8},
  timestamp = {Fri, 27 Mar 2020 08:32:01 +0100},
  biburl    = {https://dblp.org/rec/books/sp/HKV2019.bib},
  bibsource = {dblp computer science bibliography, https://dblp.org}
}

@book{engelbrecht2007computational,
  title={Computational intelligence: an introduction},
  author={Engelbrecht, Andries P},
  year={2007},
  publisher={John Wiley \& Sons},
  doi={10.1002/9780470512517}
}

@incollection{yang2014,
  doi = {10.1016/b978-0-12-416743-8.00017-8},
  url = {https://doi.org/10.1016/b978-0-12-416743-8.00017-8},
  year = {2014},
  publisher = {Elsevier},
  title = {Nature-Inspired Optimization Algorithms},
  booktitle = {Nature-Inspired Optimization Algorithms},
  author={Yang, Xin-She}
}

@article{tzanetos2020comprehensive,
  title={A comprehensive database of Nature-Inspired Algorithms},
  author={Tzanetos, Alexandros and Fister Jr, Iztok and Dounias, Georgios},
  journal={Data in Brief},
  pages={105792},
  year={2020},
  publisher={Elsevier},
  doi={10.1016/j.dib.2020.105792}
}
